3916 5240
872 1355 886 1385 Q

748 1597 785 1682 Ι.
843 1590 1203 1684 ANALEOTA
1230 1591 1639 1683 HORATIANA.
1677 1617 1708 1660 -t

496 1876 681 1956 Pergratum
700 1873 842 1954 proiecto
861 1872 938 1934 mihi
957 1873 1017 1935 suit
1031 1873 1198 1946 iudicium,
1230 1873 1314 1952 quod
1343 1873 1382 1936 de
1399 1874 1525 1935 Horatio
1552 1891 1571 1934 a
1597 1887 1648 1936 me
1668 1871 1752 1936 edito
1771 1872 1846 1936 lecit
1865 1874 1900 1934 G‹

419 1974 527 2038 fredus
546 1973 746 2056 Bernhardy,
783 1976 928 2056 egregius
954 1975 1145 2056 philologus:
1180 1981 1279 2036 totum
1300 1975 1384 2036 enim
1407 1993 1447 2036 ex
1477 1975 1599 2038 sincero
1632 1975 1761 2036 consilio
1790 1977 1900 2054 politae

420 2075 536 2160 κρίσιν
565 2083 598 2137 et
628 2076 918 2156 interpretationem
949 2093 1007 2156 pro
1030 2076 1112 2137 virili
1138 2082 1228 2155 parte
1259 2074 1428 2137 adiuvandi
1458 2075 1634 2155 profectum
1665 2093 1735 2140 csse
1757 2076 1862 2138 video.

421 2184 525 2238 autem
544 2175 620 2255 quid
636 2177 736 2257 magis
758 2177 892 2256 probare
914 2182 947 2237 et
965 2177 1047 2237 ultro
1062 2193 1232 2256 agnoscere
1257 2175 1369 2250 debeo,
1396 2193 1489 2254 quam
1512 2194 1718 2255 quaecunque
1738 2177 1779 2238 ab
1802 2177 1900 2238 aliisr

418 2279 565 2339 feruntur
587 2277 627 2340 ad
650 2277 836 2358 corrigenda
864 2294 918 2350 ea,
953 2294 1033 2356 quae
1063 2275 1114 2338 his
1143 2277 1242 2338 illisve
1266 2275 1414 2338 (lodicum
1447 2278 1570 2338 auxiliis
1600 2276 1700 2339 fretus
1722 2278 1755 2338 iu
1784 2279 1900 2357 quibus<

420 2378 625 2460 scriptoribus
646 2379 784 2440 tentavi?

479 2480 622 2550 ,Memini
644 2481 677 2541 F.
702 2480 739 2541 Α.
766 2477 915 2541 Wolfium
937 2477 1014 2540 mihi
1035 2478 1158 2552 dicere,
1195 2478 1389 2552 „duodecim
1412 2478 1538 2540 circiter
1562 2477 1711 2552 „nodos”
1731 2479 1797 2539 sive
1829 2498 1900 2552 „cn

419 2581 649 2660 interpretum'’
670 2598 738 2643 esse
756 2580 790 2641 in
804 2578 972 2652 llorati0”;
995 2597 1053 2661 ego
1077 2579 1204 2658 quidem
1225 2578 1311 2641 hunc
1331 2562 1497 2640 numerum
1519 2578 1742 2659 duplicandum
1765 2581 1900 2641 saltem]

423 2688 455 2740 et
468 2682 639 2759 praeterea
657 2680 873 2760 adiungendos
896 2679 982 2741 haud
1007 2698 1124 2760 paucos
1146 2681 1232 2744 locos
1253 2675 1356 2742 minus
1373 2679 1526 2754 difficiles,
1551 2680 1596 2744 dc
1614 2698 1746 2759 quorum
1768 2687 1873 2741 tamen
1892 2700 1900 2732 r

350 2849 360 2862 ,Ι
408 2782 555 2854 ,lectione
587 2799 711 2861 semper
741 2780 845 2842 varias
878 2782 1049 2844 sententias
1082 2780 1247 2862 proferent
1279 2781 1506 2860 certabuntque
1540 2781 1657 2844 critici.
1699 2783 1746 2842 lit
1778 2777 1887 2854 etum,

413 2883 475 2962 *qui
498 2883 660 2966 Horatium
681 2883 847 2961 quotannis
870 2883 906 2943 in
935 2881 1050 2944 scholis
1077 2883 1337 2962 interpretamur,
1371 2889 1443 2962 post
1472 2889 1593 2943 certum
1623 2899 1774 2944 annorum
1804 2901 1900 2943 nume:

421 2983 608 3063 quibusdam
629 2982 815 3046 lectionibus
837 2983 916 3045 adeo
939 3000 1168 3058 assuescamus,
1200 2990 1236 3043 ut
1265 2983 1359 3044 etiam
1381 2982 1492 3044 validis
1521 2983 1711 3057 rationibuS,
1747 2983 1859 3063 quibus
1888 3001 1900 3044 a

421 3083 528 3148 vel-in
548 3084 708 3148 codicibus
730 3102 815 3146 nunc
840 3085 975 3165 primum
998 3084 1144 3146 inventae
1173 3086 1225 3146 vel
1244 3083 1299 3145 diu
1321 3084 1383 3144 iam
1413 3090 1504 3145 notae
1537 3083 1765 3158 defenduntur,
1790 3083 1900 3148 -ditlicu

422 3187 643 3249 demoveamur
664 3185 705 3248 ab
724 3203 773 3261 ea,
795 3203 889 3266 quam
912 3188 1008 3247 semel
1028 3185 1163 3265 amplexi
1186 3203 1307 3259 sumus,
1333 3192 1365 3246 et
1386 3185 1521 3246 lectione
1545 3193 1577 3246 et
1596 3185 1863 3265 interpretatione.

420 3289 453 3347 in
476 3285 694 3349 hisAnaleetis
718 3287 900 3367 simpliciter
923 3294 955 3347 et
978 3287 1043 3349 sine
1064 3287 1128 3348 ulla
1149 3286 1291 3348 certandi
1311 3284 1483 3366 cupiditate
1509 3287 1632 3366 scriptis
1652 3287 1765 3366 partim
1788 3286 1900 3366 signifi(

422 3387 535 3466 quibus
556 3388 633 3450 locis
652 3387 830 3468 praeferam
859 3404 943 3448 nunc
966 3384 1162 3467 Bernhardyi
1185 3387 1335 3459 rationes,
1369 3386 1482 3465 quibus
1511 3387 1650 3449 nondum
1682 3386 1758 3449 mihi
1780 3405 1900 3467 persnas

422 3488 601 3550 abeundum
630 3507 697 3551 esse
727 3489 778 3550 vel
801 3506 819 3549 a
842 3489 976 3551 lectione
1006 3495 1136 3568 recepta
1157 3489 1208 3550 vel
1231 3486 1270 3549 ab
1304 3487 1510 3567 explicatione
1533 3489 1707 3568 proposita:
1743 3488 1782 3550 de
1815 3507 1900 3549 nonn

422 3589 490 3650 aliis
509 3590 695 3651 accuratiori
720 3589 854 3650 examini
874 3589 1040 3651 reservatis
1065 3607 1149 3650 nunc
1172 3590 1268 3650 tacui.
1308 3590 1417 3650 'lotam
1440 3605 1541 3649 meam
1564 3587 1681 3671 aptota
1704 3590 1900 3678 lloratianam

421 3689 481 3751 hoc
509 3691 661 3752 vocabulo
697 3698 788 3765 utar,
827 3692 1064 3752 conservativum
1091 3697 1179 3751 recte
1213 3689 1292 3750 dixit
1317 3687 1518 3769 Bernhardy:
1556 3695 1588 3749 et
1619 3686 1700 3750 hanc
1730 3692 1827 3750 solam
1861 3709 1899 3750 ve

422 3809 490 3853 esse
513 3791 691 3853 etiamnunc
714 3789 793 3853 mihi
815 3807 998 3871 persuasum
1019 3798 1076 3853 est.
1117 3793 1235 3852 Verum
1254 3791 1330 3852 alias
1350 3790 1433 3852 edita
1458 3806 1553 3870 opera
1577 3796 1684 3850 totum·
1698 3787 1758 3850 hoc
1784 3799 1900 3870 caputj

421 3893 575 3953 tractabo.

499 3994 687 4067 Praeterea,
724 4009 805 4072 quae
835 3992 950 4073 partim
985 4000 1056 4072 post
1083 3992 1217 4073 primum
1242 3993 1387 4053 volumen
1418 3999 1451 4053 et
1473 3991 1604 4053 secundi
1635 3992 1708 4053 folia
1741 3993 1900 4054 circiter}

422 4091 563 4154 absoluta
586 4094 713 4175 collegi,
735 4094 850 4174 partim
870 4093 958 4173 prius
979 4083 1137 4166 collecta,
1150 4111 1190 4154 ne
1210 4092 1303 4154 nimis
1324 4099 1481 4154 cresceret
1500 4092 1592 4167 liber,
1616 4093 1662 4154 ibi
1679 4093 1837 4155 interdum
1857 4095 1900 4157 im

323 4245 325 4252 ,
422 4194 565 4255 omittere
588 4193 775 4272 debueram,
800 4193 852 4256 hic
877 4212 948 4255 cum
971 4194 1142 4256 lectoribus
1165 4193 1371 4254 communico.

499 4293 651 4356 Omnibus
673 4304 748 4375 puto
771 4302 879 4357 notum
909 4313 976 4356 esse
999 4296 1112 4356 mtrltas
1136 4294 1322 4368 sententias,
1347 4293 1518 4374 imagines,
1550 4297 1708 4376 exempla,
1733 4298 1900 4376 praesertin

422 4395 530 4457 Satiris
552 4404 585 4462 ct
603 4396 762 4476 Epistolis,
787 4388 1021 4478 elegantissime·
1041 4412 1188 4474 expressa
1211 4394 1389 4456 ablloratio
1412 4395 1546 4476 reperiri
1566 4379 1662 4459 etiam
1675 4397 1760 4478 apud
1782 4400 1898 4478 posteri

420 4494 623 4578 philosophos
646 4504 678 4558 et
698 4498 868 4577 sophistas,
892 4496 971 4558 adeo
990 4503 1026 4557 ut
1045 4496 1186 4557 nonnulli
1209 4495 1359 4576 suspicati
1380 4495 1456 4569 sint,
1473 4497 1662 4574 arrianum,
1696 4498 1880 4573 Luciauum‚

421 4598 538 4660 ximum
560 4597 699 4680 Tyrium,
722 4599 797 4660 alios
817 4599 886 4662 illas
908 4598 1020 4679 legisse
1050 4603 1144 4676 atque
1165 4597 1300 4659 imRatos
1323 4614 1408 4669 esse;
1433 4580 1495 4676 quo
1517 4599 1597 4660 nihil
1616 4617 1691 4662 sane
1713 4600 1815 4660 minus
1831 4609 1900 4680 est]

420 4697 542 4772 babile;
570 4701 665 4764 semel
694 4707 814 4762 tantum
846 4699 1031 4762 Plutarchus
1055 4699 1088 4760 in
1122 4698 1242 4760 Luculli
1262 4698 1325 4761 vita
1357 4706 1510 4762 memorat
1540 4701 1713 4764 Horatium.
1758 4702 1873 4762 Verum

1645 4803 1659 4862 l
